@article{knuth84,
  author = {Knuth, Donald E.},
  title = {Literate Programming},
  year = {1984},
  issue_date = {May 1984},
  publisher = {Oxford University Press, Inc.},
  address = {USA},
  volume = {27},
  number = {2},
  issn = {0010-4620},
  url = {https://doi.org/10.1093/comjnl/27.2.97},
  doi = {10.1093/comjnl/27.2.97},
  journal = {Comput. J.},
  month = may,
  pages = {97â€“111},
  numpages = {15}
}

@software{Allaire_Quarto_2022,
author = {Allaire, J.J. and Teague, Charles and Scheidegger, Carlos and Xie, Yihui and Dervieux, Christophe},
doi = {10.5281/zenodo.5960048},
month = {1},
title = {{Quarto}},
url = {https://github.com/quarto-dev/quarto-cli},
version = {0.3},
year = {2022}
}

@article{Mukosera2023,
	title = {From scope to screen: A collection of online dermatopathology resources for residents and fellows},
	author = {Mukosera, George T. and Ibraheim, Marina K. and Lee, Michael P. and Elston, Dirk and Singh, Rajendra and Ho, Jonhan and Motaparthi, Kiran and Ahn, Christine S. and Lee, Bonnie A. and Gardner, Jerad M. and Ferringer, Tammie and Elsensohn, Ashley},
	year = {2023},
	month = {09},
	date = {2023-09},
	journal = {JAAD International},
	pages = {12--14},
	volume = {12},
	doi = {10.1016/j.jdin.2022.12.007},
	url = {http://dx.doi.org/10.1016/j.jdin.2022.12.007},
	langid = {en}
}

@article{Buma2023,
	title = {Appraisal of the PathoDiscovery: an interactive web{-}based educational tool for teaching pathophysiology and histopathology},
	author = {Buma, Alessandra I.G. and Simmer, Femke and {den Braber{-}Ymker}, Marjanne and Groenen, Patricia J.T.A.},
	year = {2023},
	month = {07},
	date = {2023-07-07},
	journal = {APMIS},
	doi = {10.1111/apm.13337},
	url = {http://dx.doi.org/10.1111/apm.13337},
	langid = {en}
}
